1976 2610
0 431 23 568 ξς

0 706 7 715 i

0 727 26 765 sl

19 137 23 147 ,
39 98 74 135 Α

618 17 937 76 FEeroglyphicorum
951 16 1053 59 Liber
1065 26 1101 60 V
1104 25 1128 57 I
1129 23 1157 58 J,
1718 18 1759 68 85

537 89 879 125 ACTAEON.
959 86 1288 124 CAEXIV.
1618 96 1622 99 ·

151 137 184 175 R
191 151 233 175 ιν
241 148 265 175 ο·
274 145 297 173 r.-
305 146 328 174 A
341 146 421 174 vero·-
433 136 512 173 inihi
526 139 652 174 videtur
665 138 870 179 Anaximenis
886 138 986 173 inter-
1265 148 1268 151 “

151 189 289 237 pre-tatio·
302 187 389 236 super
406 188 564 223 Actaeonis
576 186 684 223 fabula
697 212 707 228 ,
721 188 760 223 de
774 200 836 237 qua
849 185 975 236 superiu

81 238 278 274 mentionem
294 237 426 272 fecimus
445 261 455 277 ‚
476 239 531 286 qui
547 236 715 271 conuersus
729 237 802 272 ideo
815 237 937 271 dicatur
950 237 978 270 in

78 288 225 323 ceruum
233 310 243 325 ,
253 290 284 321 &
294 287 311 320 a
318 286 446 320 canibus
454 285 510 320 suis
519 286 716 324 dilaceratus,·
727 285 819 335 quod
828 286 977 333 periculis2

80 343 151 386 quae'
157 335 303 370 venando
312 333 444 369 subierat
453 335 584 370 demum
592 334 791 369 consideratis
800 359 810 373 ‚
819 345 908 368 aetate
921 335 980 369 iam

78 382 314 435 ingrauescente
321 383 465 419 timidior
472 383 618 422 fac'lus,in
627 384 769 418 Ceruum
778 380 980 418 transforma-

81 435 108 470 ri
119 435 155 477 lit
165 431 256 468 vistis:
266 446 405 481 cumque
413 434 514 468 Canes
523 432 721 467 nihilosecius
727 433 821 467 aleret
829 434 980 480 patrimo-

80 483 171 530 nium
185 480 408 530 consumpsisse
420 506 431 522 ,
444 482 541 531 idque
553 482 571 516 a
584 481 726 516 Canibus
739 481 908 516 laceratum
923 479 979 515 effe

81 526 261 582 significare,
270 544 344 566 eum
353 532 458 579 potius
467 530 675 569 historia‚n0n
682 529 791 565 fabulae
799 529 980 578 cuiusquam

81 579 396 631 figme'tum,inuento
403 579 476 615 huic
484 580 605 615 dederit
612 590 846 628 argumentum.
857 580 979 615 Αᾶεεο-

81 641 155 665 nem
164 631 249 664 enim
259 632 291 663 δι’
301 630 441 678 Cippum
449 639 602 663 cornutos
612 629 712 662 editos
720 652 729 668 ,
742 628 859 662 Plinius
867 628 981 662 author

82 679 135 715 est.
143 680 235 726 Qin
243 678 325 726 apud
334 678 562 724 Max-Tyrium
572 677 651 726 legas
659 701 668 716 ,
677 676 760 725 apud
779 676 978 716 Corinthios,

1759 604 1823 633 Plin.
1831 604 1874 633 lib.
1884 604 1919 635 ΠΣ

1728 650 1736 664 -’
1761 654 1811 685 cap.
1821 656 1866 682 37.

47 741 72 775 Β
83 728 324 765 Bacchiadarum
333 724 452 761 facinus
460 728 493 761 in
504 727 656 762 Aetaeone
667 726 792 760 Dorico
804 725 983 761 adolescen—
1011 714 1095 767 {ssffld'a'
1129 742 1148 777 >2
1158 744 1167 753 υ

82 841 149 878 quo
155 828 289 862 Aeraeon
297 825 315 859 a
321 825 398 859 veris
405 824 446 859 est
455 824 596 860 Canibus
607 824 762 858 laceratus.
788 823 892 873 Qd
906 836 982 860 vero
1011 859 1013 861 ,

83 877 245 913 Homerus
251 875 294 908 ait
301 898 310 914 ,
319 876 426 908 Diana
432 887 487 922 per
492 875 564 922 iuga
571 875 734 908 montium
742 885 898 908 errantem
906 887 978 922 gau·
1381 898 1385 900 v
1681 896 1684 898 -

83 925 158 973 dere
165 925 241 964 telis,
249 927 281 958 &
288 923 415 970 Capreis
422 947 431 961 ‚
441 936 476 957 ac
484 921 648 971 fugacibus
657 922 766 956 Cernis
774 921 918 957 delcetari
927 946 936 962 ‚
945 922 1016 958 sunt
1023 927 1079 972 qui
1088 926 1126 960 ad
1134 926 1294 960 Afiaeonis
1307 926 1447 961 fabulam
1460 937 1651 961 conuertant
1660 925 1753 961 :sunt⁷

86 975 141 1024 qui
149 972 297 1008 vetustam
305 970 538 1020 Philosophiam
547 969 654 1010 secuti,
662 968 782 1019 sagittas
790 983 839 1006 eas
845 995 855 1011 2
864 984 934 1021 quae
944 975 973 1009 C
976 986 1086 1008 eruum
1102 972 1305 1024 assequuntur
1312 1000 1320 1014 ,
1329 974 1564 1025 hieroglyphice
1577 974 1688 1010 solares
1700 988 1754 1011 ra-

86 1025 154 1059 dios
159 1022 295 1057 indicare
303 1021 411 1060 velint,
421 1032 560 1069 quorum
568 1017 681 1054 scilicet
690 1020 862 1068 repercussu
871 1048 877 1059 ,
886 1033 1007 1057 cornua
1014 1023 1023 1056 i
1026 1022 1077 1071 psa
1086 1036 1144 1072 pro
1152 1023 1281 1066 loci‚vbi
1289 1027 1379 1060 Luna
1385 1023 1643 1067 est‚c0nditione,
1652 1028 1685 1061 &
1691 1038 1753 1074 ap*

87 1074 253 1122 pareant,&
260 1070 564 1105 obducanturNam
572 1072 603 1103 δι
612 1070 773 1103 Lucretius
780 1069 838 1103 tela
846 1069 910 1105 haec
917 1071 960 1106 ita
965 1072 1195 1121 interpretatur:

294 1126 359 1155 Non
373 1122 446 1164 radis
459 1122 542 1156 Solt's,
557 1131 641 1163 neque
655 1120 746 1152 lucida
759 1121 815 1153 tela
826 1121 893 1156 dieu
1758 1115 1813 1145 Lib.
1825 1126 1842 1144 1.
1852 1119 1896 1144 De

87 1171 225 1205 Dianam
232 1179 339 1203 autem
350 1168 477 1215 Capreis
485 1170 515 1201 &
527 1167 637 1200 Cernis
644 1164 770 1201 tantum
778 1167 1088 1215 gaudere‚H0merus
1095 1172 1183 1212 dicit,
1193 1171 1356 1207 Leonibus
1364 1182 1469 1207 autem
1476 1171 1621 1207 mfnfmez
1628 1184 1747 1221 nempe
1758 1165 1812 1186 nat.
1822 1167 1867 1186 rer.

87 1219 159 1268 quia
165 1220 244 1253 circa
250 1219 392 1266 Taygeta
399 1226 452 1250 aut
462 1215 691 1263 Erymanthum
701 1228 770 1250 eam
779 1218 885 1251 venari
891 1218 967 1254 dicit
974 1243 984 1259 ,
992 1220 1047 1254 vbi
1055 1222 1179 1255 Leones
1185 1233 1254 1255 non
1268 1221 1432 1256 habentur.
1445 1221 1512 1256 Elei
1525 1219 1596 1256 sane
1609 1223 1750 1258 Dianam

86 1270 245 1307 ἐλοιφιαῖοιν
258 1276 393 1305 vocant,
402 1276 437 1300 vt
451 1265 533 1313 apud
547 1262 726 1298 Pausaniam
741 1264 954 1315 est‚quamuis
965 1269 1052 1303 aliter
1063 1269 1111 1315 alij
1121 1281 1244 1304 nomen
1251 1271 1505 1319 interpretantur.
1515 1270 1628 1306 Videas
1639 1281 1751 1305 tamen

1020 851 1097 892 syon..
1130 849 1172 889 “fi-
1185 884 1195 892 ς
1215 854 1240 873 ‘³
1263 853 1427 877 ‘Nx
1644 856 1731 874 ’-

24 1360 28 1366 ·
74 1324 76 1326 '
88 1316 191 1366 passim
200 1317 310 1351 Dianae
317 1314 481 1350 snnulacro
490 1316 632 1349 Ceruum
640 1324 674 1348 vt
683 1313 853 1361 plurimum
862 1315 894 1349 in
904 1328 1056 1352 venatum
1064 1317 1161 1364 obijci
1167 1343 1177 1358 ‚
1186 1319 1310 1367 qualern
1319 1320 1471 1367 praecipue
1486 1318 1619 1367 speciem
1633 1321 1667 1354 in
1679 1321 1751 1354 Ha·
1839 1355 1843 1360 ,
1882 1354 1888 1362 ,

24 1379 29 1393 ¹-
50 1366 186 1410 C‘driani
194 1377 295 1399 numo
303 1375 427 1399 cernere
437 1362 478 1397 est
486 1388 495 1402 ,
504 1376 576 1398 cum
586 1361 790 1410 inscriptione
798 1387 807 1402 ‚
825 1367 880 1399 ΑῬ
892 1373 915 1399 T
926 1375 945 1400 E
956 1375 988 1400 Μ
999 1375 1012 1400 Ι
1022 1376 1053 1406 Σ,
1070 1370 1124 1401 Εἐι)
1134 1376 1153 1401 Ε
1164 1377 1187 1403 Σ
1199 1377 1253 1402 IA.
1268 1370 1303 1401 In
1313 1369 1376 1413 alijs
1384 1381 1517 1417 quoquc
1524 1367 1665 1405 eiusdem
1678 1373 1748 1405 Ha-
1757 1353 1888 1383 Hadrram

0 1976 2 2045 ἒ
47 1999 82 2058 1?

90 1415 305 1450 drianiDianae
312 1413 421 1448 itidem
430 1411 568 1461 Ephesiae
577 1411 773 1445 simulacrum
783 1414 917 1461 geminis
925 1414 1023 1449 duum
1035 1416 1216 1450 Ceruorum
1226 1418 1309 1452 inter
1315 1415 1344 1452 se
1352 1417 1531 1452 auersorum
1540 1418 1686 1453 clunibus
1696 1419 1748 1452 in·
1759 1395 1903 1464 gliploem

90 1463 184 1500 sidere
192 1462 358 1511 conspicias
365 1486 374 1501 ‚
384 1472 479 1510 atque
490 1462 577 1496 aliter
584 1461 616 1494 in
626 1460 700 1504 aliis.
714 1461 756 1494 Et
766 1461 869 1496 Cerua
876 1462 920 1496 est
927 1463 961 1496 in
969 1464 1075 1498 multis
1085 1465 1210 1499 Galieni
1219 1467 1324 1500 numis
1333 1479 1404 1500 cum
1415 1465 1633 1514 inscriptione,
1640 1467 1676 1501 D
1684 1480 1697 1501 1
1709 1481 1750 1502 Α·
1834 1457 1840 1464 ⁸

94 1524 118 1547 N
128 1523 159 1547 ΛΞ
176 1513 205 1546 C
214 1525 234 1547 ο
245 1523 269 1545 Ν
280 1524 304 1546 s.
319 1513 349 1546 A
357 1523 377 1544 v
387 1523 419 1544 G.
435 1511 481 1543 Ea
488 1510 574 1544 enim
583 1509 759 1544 ambitione
766 1509 844 1550 fuit,
853 1511 986 1560 ingenio
994 1513 1041 1547 vir
1048 1513 1189 1563 alioquin
1202 1514 1425 1562 impurissimo,
1436 1526 1472 1549 vt
1479 1516 1570 1550 Deos
1583 1528 1696 1550 omnes
1710 1518 1751 1552 ad

89 1560 135 1596 sui
141 1560 310 1596 custodiam
319 1565 350 1595 &
359 1558 636 1598 conseruationem
646 1570 817 1607 occupatos
825 1559 882 1594 esse
888 1561 1027 1596 iaffiret.
1037 1563 1124 1597 Hinc
1132 1561 1211 1597 feras
1218 1561 1283 1598 fere
1291 1576 1345 1597 om
1351 1577 1370 1597 n
1376 1577 1405 1598 es
1412 1590 1422 1605 ,
1431 1574 1597 1614 quotquot
1605 1567 1750 1600 numini-

91 1610 148 1646 bus
159 1610 274 1645 dicauit
286 1608 471 1657 antiquitas,
481 1608 585 1642 numis
594 1607 650 1641 suis
664 1608 771 1642 eadem
781 1606 986 1657 inscriptione
1001 1611 1157 1646 cudendas
1169 1613 1449 1661 curauit:quorum
1459 1614 1504 1648 vis
1518 1626 1633 1663 magna
1644 1616 1751 1662 paucis

92 1668 161 1696 ante
168 1658 293 1693 annisin
303 1671 378 1706 agro
388 1656 563 1691 Bellunenst
571 1667 690 1704 reperta
698 1656 749 1691 est.
763 1658 882 1707 Neque
897 1669 1006 1693 tamen
1016 1661 1127 1694 Dianae
1142 1672 1265 1695 tantum
1274 1686 1283 1701 ,
1292 1674 1401 1695 verum
1415 1664 1508 1696 etiam
1522 1664 1707 1704 Minnioni,
1716 1667 1751 1699 &

93 1708 241 1744 Atalantae
248 1706 396 1742 heroibus
406 1707 525 1740 Ceruus
534 1704 751 1745 dedicabatur,
760 1719 900 1755 quorum
915 1707 1098 1743 simulachra
1109 1723 1181 1743 curn
1192 1710 1368 1745 hinnuloin
1380 1711 1529 1760 Olympia
1543 1709 1630 1746 fuifl'e
1638 1712 1750 1747 Pausa-

94 1758 157 1791 nias
167 1755 303 1791 testatur.
319 1755 424 1804 Qtod
432 1767 506 1790 vero
514 1755 600 1788 aiunt
609 1753 806 1804 Iphigeniam
816 1769 889 1790 cum
897 1757 1023 1791 iamiam
1034 1758 1071 1792 ad
1079 1770 1142 1792 aras
1151 1760 1243 1806 patris
1250 1760 1328 1793 iuffu
1337 1751 1502 1795 mafianda
1510 1760 1705 1800 constitisset,
1714 1764 1749 1797 in

95 1806 231 1840 Ceruam
244 1805 438 1839 demutatam
449 1831 457 1845 ,
471 1816 505 1838 ac
519 1803 612 1851 ipsius
626 1803 738 1838 Dianae
753 1805 886 1840 numine
900 1805 933 1839 in
946 1808 1115 1840 Tauricam
1131 1808 1295 1855 regionem
1311 1807 1496 1856 asportatam
1510 1833 1520 1849 ‚
1535 1811 1700 1845 Nicander
1713 1812 1748 1844 in

95 1855 236 1888 Taurum
251 1853 518 1893 ait‚Phaeodimus
530 1854 562 1886 in
572 1850 683 1886 Vrsam
690 1864 803 1902 ‚atque
816 1854 859 1888 ita
872 1856 982 1889 omnia
990 1858 1109 1890 variant
1120 1856 1154 1889 in
1167 1857 1354 1892 Graecorum
1367 1855 1495 1900 fabulis,
1505 1858 1644 1909 aquibus
1652 1861 1753 1910 longe

93 1900 209 1940 diuersa
219 1902 365 1952 leguntur
379 1901 462 1951 apud
468 1900 716 1949 Lycophronem
725 1906 757 1937 &
765 1904 828 1937 eius
835 1903 1026 1952 interpretes.

535 1951 975 1987 VIVACITAS.
1026 1956 1163 1990 CAP.
1214 1955 1307 1991 XV·

101 2003 224 2083 VIv
236 2014 258 2035 A
268 2013 288 2036 c
298 2012 311 2034 1
321 2012 343 2035 ’r
354 2013 376 2037 A
386 2011 409 2034 'r
418 2012 436 2034 E
446 2012 475 2034 M
489 2012 525 2034 ex
538 2000 627 2048 pieto
636 2001 744 2035 Ceruo
757 1999 937 2049 significari,
945 2002 1035 2051 quod
1042 1999 1263 2051 AEgyptioriim
1279 2017 1501 2041 commentum
1516 2006 1681 2056 est‚magis
1694 2006 1747 2042 ex·
1760 2022 1838 2049 Cerui
1845 2028 1902 2048 atas

178 2050 334 2098 ploratum
342 2048 476 2083 arbitror
483 2073 493 2089 ‚
501 2061 597 2098 quam
605 2049 663 2084 vlla
671 2048 708 2083 sit
715 2062 794 2097 opus
802 2051 1077 2086 commentatione
1084 2054 1270 2101 perquirere.
1278 2055 1401 2089 Datum
1409 2056 1494 2090 enim
1503 2056 1545 2089 illi
1553 2057 1594 2090 cst
1602 2057 1620 2090 a
1627 2049 1749 2096 natura,
1759 2063 1825 2090 vnde
1836 2063 1876 2088 di-

97 2108 131 2134 vt
139 2111 230 2145 quam
239 2097 405 2133 diutissime
411 2098 505 2134 viuat.
517 2101 636 2133 Verum
645 2110 717 2132 cum
725 2098 757 2132 id
764 2097 934 2133 sacerdotes
943 2098 1106 2134 ostendere
1114 2102 1263 2137 volebant
1271 2127 1279 2142 ‚
1288 2116 1407 2138 cornua
1416 2107 1554 2139 maxime
1566 2105 1687 2140 ramosa
1701 2103 1745 2140 fa·
1754 2103 1893 2140 gnoscarur.

97 2148 220 2182 ciebant
226 2174 234 2187 ‚
241 2146 601 2196 siquidemvnoquoquc
608 2159 694 2181 anno
701 2159 804 2181 ramus
811 2146 929 2181 horum
937 2148 1238 2194 cornibusadijcitur
1245 2165 1252 2185 :
1260 2151 1312 2186 sed
1321 2163 1355 2188 vt
1368 2154 1514 2187 nonnulli
1528 2154 1747 2194 obseruarunt,
1759 2145 1842 2189 Auno
1844 2154 1858 2170 r

98 2207 168 2231 non
173 2196 249 2230 vltra
256 2195 304 2230 sex
311 2207 412 2230 annos
419 2195 458 2230 ab
465 2208 505 2229 eo
513 2206 657 2244 tempore
664 2195 774 2230 similia
781 2196 961 2231 reuiuiscere
968 2222 977 2237 ‚
986 2210 1090 2248 neque
1100 2210 1222 2234 aetatem
1237 2200 1312 2235 inde
1319 2200 1449 2236 discerni
1456 2200 1543 2250 posse
1551 2227 1560 2242 ‚
1569 2203 1618 2237 sed
1626 2217 1661 2237 ex
1671 2204 1749 2238 den·
1761 2184 1903 2251 AElmbnssq

100 2243 191 2283 tibus,
201 2256 278 2292 quos
286 2255 361 2279 tunc
369 2256 441 2278 cum
450 2245 632 2292 grandaeuus
639 2244 682 2278 est
689 2269 698 2284 ‚
707 2256 759 2279 aut
766 2257 881 2292 paucos
887 2269 897 2285 ‚
905 2256 958 2280 aut
965 2247 1067 2282 nullos
1074 2247 1196 2283 habeat.
1221 2249 1365 2284 Sedenim
1375 2252 1593 2298 experimento
1600 2265 1747 2300 comper-
1757 2234 1913 2297 ἴζῇἐζρῖ

101 2302 170 2326 tum
183 2293 363 2331 est‚cornua
376 2292 599 2328 senescentium
613 2290 765 2341 asperiora
778 2294 1025 2342 quotannisfieri
1039 2300 1300 2347 enormioraque‚
1315 2298 1519 2349 pluribusque
1533 2300 1702 2336 tuberculis
1716 2305 1746 2336 &
1758 2317 1786 2334 m
1794 2288 1902 2333 clarem-

100 2341 516 2392 mucronibushorrida,quo
523 2342 621 2392 magis
628 2343 660 2376 in
669 2339 790 2377 senium
800 2354 938 2392 vergant.
947 2345 1277 2381 Animaduertendum
1286 2359 1390 2382 autem
1400 2349 1431 2382 in
1440 2350 1653 2398 manuscriptis
1662 2351 1746 2385 Hori
1759 2350 1791 2374 cis
1801 2352 1906 2374 Franco-

100 2388 259 2424 codicibus
271 2392 421 2439 antiquis,
436 2393 613 2438 πολυλςόνια
627 2392 755 2437 σημαίνει
769 2391 916 2439 scriptum
926 2417 936 2432 ‚
952 2405 1020 2428 non
1036 2398 1231 2442 πολυχςόνιον,
1240 2406 1274 2430 vt
1287 2397 1320 2429 in
1334 2397 1482 2445 impressis
1498 2398 1746 2448 habetur‚quod
1758 2398 1816 2415 rum
1828 2398 1907 2435 tem-'A

99 2441 190 2475 multa
197 2448 327 2488 tempom
332 2439 600 2488 interpretandum
608 2439 690 2476 esset.
699 2441 757 2476 Sed
764 2442 852 2489 parui
858 2440 920 2477 hoc
928 2443 1097 2479 momenti.
1104 2444 1301 2493 Agathoclea
1307 2444 1568 2491 Syracusanorum
1577 2459 1745 2495 tyrannum
1756 2436 1771 2466 p
1774 2439 1812 2455 Μ’
1821 2433 1905 2456 cam

1329 2506 1342 2539 3
1643 2469 1861 2533 serumsepumz.
