1976 2610
81 825 149 856 Hinc
157 831 172 863 p
179 830 218 851 ‚vv-

82 870 242 895 uenarum

81 915 175 946 aquat-
202 910 245 933 Ex

85 948 203 987 Higynl'l‘,
212 945 245 979 εἴ

84 989 192 1017 AEliano
200 987 215 1014 l.
225 995 242 1015 t.

83 1030 116 1058 de
122 1037 177 1057 nac.
185 1029 242 1057 ani-

83 1070 152 1102 mal.

241 1121 366 1158 -.fluuio
373 1121 529 1160 laborant,
537 1120 687 1167 vltroque
695 1129 773 1166 potu
782 1117 951 1158 abstineut,
961 1119 1188 1154 vtincommo-

95 1734 163 1763 Idem
178 1729 213 1766 δ’

96 1775 204 1803 Ριίἠ.ῖιό.
213 1777 250 1801 ἧς.

91 1824 147 1852 cap.
156 1824 195 1850 43.

249 41 334 83 χει
835 41 948 76 Ῑοαηκ.
967 38 1064 90 Pierq'
1079 34 1153 76 ναί.
1163 40 1288 76 Coruus
1295 33 1387 90 ,stae

249 105 414 146 Sedenim,
425 117 499 140 cum
507 103 697 154 Porphyrius
704 103 788 138 dicat
796 102 879 138 libro
890 110 930 138 De
937 103 1234 151 abstinentiamrnium
1241 130 1250 143 ‚
1258 103 1402 138 colorem
1411 99 1541 152 nigrum
1548 104 1614 140 Soli
1621 102 1802 140 dedicatum
1809 114 1821 139 z
1827 115 1871 154 qu
1878 123 1887 135 ο
1900 123 1908 142 ο,

251 158 316 192 eius
322 156 424 190 calore
430 153 571 189 humana
578 155 673 188 etiam
681 164 815 201 corpora
823 149 956 186 fusciora
962 153 1166 202 nigrioraque
1174 152 1358 192 reddantur,
1366 151 1470 202 fitque
1476 153 1604 187 Coruus
1611 154 1695 188 inter
1701 165 1774 187 aues
1781 151 1934 197 maxime*

252 207 352 255 niger,
363 202 577 238 manifestassest
583 201 670 237 causa
677 213 732 236 cur
741 203 765 236 is
773 201 916 249 Apollini
922 198 1003 237 sacer
1010 201 1173 236 habeatur.
1186 203 1287 236 Porro
1293 200 1496 236 Brachmanae
1504 202 1646 236 colorem
1654 213 1757 236 atrum
1765 202 1800 235 in
1809 201 1922 249 primis
1945 199 1947 203 ’

254 264 447 290 venerantur
454 277 463 293 ,
472 263 602 301 propter
616 252 723 287 Solem
738 250 849 284 omnia
861 249 1093 300 denigrantem.
1105 252 1174 286 Iam
1182 253 1214 286 &
1221 250 1374 285 Salomon
1389 262 1457 284 non
1472 250 1594 300 egregie
1607 251 1731 299 nigram
1746 247 1923 292 ostensurus
1943 242 1946 263 ¹

254 302 470 339 canticorum
479 302 614 336 Cantico
623 324 634 340 ‚
646 303 743 334 crines
751 326 758 338 ‚
766 298 809 332 ait
816 323 826 339 ,
834 302 890 333 eius
897 310 928 334 vt
934 301 1051 338 abietes,
1057 302 1131 347 nigri
1129 300 1205 346 ficut
1212 302 1307 334 Corui.
1321 299 1426 333 Auem
1435 310 1543 335 autem
1551 300 1619 333 eam
1627 299 1770 347 Apollini
1779 299 1863 346 prius
1874 293 1920 334 fa-
1943 312 1947 344 ς

257 353 411 387 miliarern
421 347 520 390 fuisse,
530 363 604 399 neq3
613 361 680 382 non
689 347 804 396 infigni
811 348 948 382 candore
957 347 1121 396 praeditam
1131 348 1288 396 Apollinis
1295 360 1373 383 mox
1379 347 1616 397 indignatione,
1625 361 1644 391 q
1650 347 1715 382 uod
1723 347 1761 382 ad
1768 347 1796 381 se
1802 343 1945 382 dileetio*

257 400 435 439 Coronidis
443 399 562 434 crimen
571 395 726 433 detulisset
733 421 742 436 ‚
751 398 785 430 in
793 409 862 431 eam
871 397 1030 445 nigritiam
1038 396 1238 431 demutatum
1248 395 1422 430 fabularum
1433 395 1595 445 scriptores
1603 421 1612 436 ‚
1622 392 1804 430 Hesiodum
1811 393 1916 436 secuti,
1941 416 1945 439 3

256 451 442 485 meminere.
450 448 653 483 Sed-Artemo
660 446 830 480 Pindarum
839 446 1057 485 commendat,
1065 446 1131 495 qui,
1139 446 1171 479 in
1179 445 1298 488 Pythijs
1306 469 1316 484 ,
1324 444 1510 480 dissimulata
1518 457 1587 494 quae
1595 445 1634 479 de
1645 446 1758 479 Coruo
1767 444 1864 479 fertur
1871 441 1924 478 hi&
1974 443 1976 477 l

256 499 366 538 storia,
376 496 559 545 Apollinem
572 493 673 543 ipsum
687 492 838 542 scripserit
845 507 899 543 per
906 493 934 528 se
942 493 1066 541 Ischyos
1073 499 1105 530 δι
1114 487 1290 530 Coronidis
1297 492 1417 528 furtum
1427 492 1671 543 deprehendisse.
1685 493 1925 528 Anaximander
1973 496 1976 531 f

256 548 290 582 in
300 543 527 592 Horoscopicis·
534 543 618 578 libris
626 543 768 592 Apollini
777 540 894 578 sacrum
902 543 976 578 ideo
984 542 1134 578 Coruum
1142 542 1317 591 facit,quod
1324 542 1404 577 folus
1412 543 1494 577 inter
1501 553 1614 577 omnes
1621 554 1692 577 aues
1698 554 1815 577 vocum
1825 538 1929 590 ligni&

255 594 432 633 ficadones,
441 605 517 642 quas
524 604 665 628 accurate
673 592 850 628 admodum
858 603 988 642 augures
996 591 1203 632 obseruarint,
1213 591 1335 626 habeat.
1343 591 1470 626 Addam
1480 595 1513 626 δι
1519 591 1607 631 illud,
1617 592 1778 640 nigrorem
1786 592 1828 625 ita
1836 592 1923 634 Coti-

255 655 300 678 uo
308 644 489 694 ingenitum
499 642 606 681 effe,vt
615 641 888 690 ad‘intingendum
897 641 1055 689 capillum,
1066 640 1145 675 nihil
1154 642 1216 675 eius
1224 653 1292 675 ouo
1300 641 1420 675 dicatur
1429 637 1594 680 efficacius,
1602 644 1635 675 &
1642 639 1699 674 nisi
1707 640 1926 689 intertingenff-

255 692 336 730 dum
344 692 515 728 oreoleum
523 691 851 731 contineatur-,dentes
859 702 994 739 quoque
1002 691 1045 725 ita
1054 690 1161 740 nigros
1169 687 1262 729 effici,
1267 701 1300 724 vt
1309 700 1386 724 mox
1394 689 1445 722 vix
1455 688 1570 737 poffint
1578 689 1652 723 elui.
1895 691 1898 697 '
1909 684 1914 688 Ἰ

745 766 955 801 SITIS.
1014 767 1154 801 CAP.
1204 765 1443 800 XXXIV.

267 830 346 910 C
360 827 394 862 Ο
405 837 457 861 RV
466 836 525 860 VM
533 823 670 874 superius
678 823 924 859 sitidamnatum·
931 823 970 859 ab
980 825 1130 873 Apolline
1138 825 1188 859 di-

359 875 531 914 cebamus,
547 875 686 924 ideoque
699 872 974 922 laieroglyphicum
989 872 1048 909 effe
1060 875 1187 909 incom-

260 925 353 960 modi
365 923 543 963 eiusmodi,
551 936 650 972 eaque
658 923 696 958 de
711 921 798 957 causa
806 922 1008 957 Nicandrum
1023 921 1166 972 scripfiffe
1175 947 1185 962 ,

253 973 496 1023 frequentiores
513 974 577 1007 eius
584 972 664 1006 alitis
679 972 846 1005 crocitatus
856 982 994 1006 venturae
1009 973 1122 1020 pluuiae
1136 974 1188 1006 in—

256 1024 382 1059 dicium
391 1019 458 1056 effe.
473 1021 623 1056 Sedenim
633 1049 640 1060 ‚
651 1021 754 1055 Corui
769 1031 877 1054 natura
884 1018 945 1068 ipsa
954 1021 1099 1056 siticulofi
1114 1021 1187 1055 sunt

261 1085 318 1122 per
326 1070 497 1120 sexagenos
505 1071 657 1119 praecipue
666 1069 776 1105 aestatis
784 1069 979 1117 dies‚quibus
989 1071 1103 1104 ventris
1112 1083 1187 1118 pro—

263 1170 309 1205 do
324 1169 367 1204 illi
380 1169 511 1203 obuiam
522 1178 594 1202 eant
602 1192 611 1207 ,
622 1169 796 1216 aluumque
805 1163 921 1201 sistant.
937 1170 1046 1216 Qare
1055 1167 1077 1201 si
1084 1167 1190 1202 consi-
1232 1166 1258 1182 ‘⁸

261 1219 341 1253 lium
355 1219 419 1253 eius
435 1216 576 1252 animalis
586 1216 777 1265 penfitemus
786 1244 795 1257 ‚
806 1216 1015 1252 Sobrietatem
1031 1218 1190 1252 conueni-

260 1268 364 1303 entius
370 1265 571 1317 quam-sitim,
585 1266 667 1301 hanc
676 1265 899 1302 vocitabimus.

361 1343 1091 1379 IMPOSTVRA.CAP.XXXV.
1387 1319 1759 1377 ΞἮᾈ
1853 1311 1938 1394 a*

260 1425 346 1503 N·
359 1421 393 1455 O
405 1432 427 1453 N
444 1416 569 1468 possum
584 1415 660 1453 loco
673 1418 738 1453 hoc
747 1418 949 1459 diffimulare,
958 1431 1056 1468 quam
1069 1430 1141 1468 apte
1148 1418 1302 1468 quispiam
1310 1418 1520 1467 impostorem
1531 1431 1586 1467 per
1593 1418 1742 1452 Coruum
1751 1430 1806 1452 ore
1818 1415 1888 1452 saxu
1898 1418 1914 1448 ι’

359 1479 526 1504 tenentem
536 1495 542 1507 ‚
553 1471 584 1503 &
592 1480 704 1501 vrnam
712 1468 886 1516 appositam
895 1467 1102 1516 ,fignificaritt
1117 1471 1154 1502 In
1162 1469 1262 1515 Libya
1269 1468 1425 1517 siquidem
1433 1467 1584 1501 fiticulosa
1598 1466 1776 1501 admodum
1784 1467 1924 1516 regione,

263 1519 321 1556 viri
329 1529 562 1567 aquam,quam
569 1516 610 1551 de
618 1518 749 1551 remotis
757 1516 934 1552 admodum
942 1517 1088 1552 fontibus
1095 1529 1148 1552 aut
1155 1517 1259 1563 fluuijs
1266 1516 1438 1555 attulerint,
1445 1516 1479 1550 in
1486 1515 1594 1550 fictilia
1600 1513 1667 1550 vafii
1674 1515 1714 1550 ad
1722 1515 1786 1550 hoc
1792 1528 1866 1550 com
1871 1528 1930 1566 pa-

264 1578 329 1602 rata
336 1566 613 1615 distribuuntzquae
621 1566 763 1615 alioquin
772 1577 881 1600 ventre
889 1564 961 1600 sunt
970 1565 1148 1612 admodum
1156 1569 1259 1615 capaci
1267 1594 1275 1604 ,
1284 1578 1339 1601 ore
1346 1576 1471 1600 tantum
1479 1575 1586 1613 patent
1593 1575 1751 1614 quantum
1760 1563 1828 1599 satis
1836 1564 1878 1598 est
1887 1578 1900 1599 a
1909 1582 1914 1593 ·
1928 1571 1933 1579 2

263 1617 472 1665 gallinaceum
482 1614 806 1663 ouumrecipiendum
815 1639 825 1654 ‚
833 1628 931 1664 eaque
940 1616 1045 1649 minus
1053 1614 1200 1650 obturata
1208 1643 1215 1655 ,
1228 1615 1266 1650 ad
1274 1615 1463 1664 captandum
1473 1613 1626 1648 no&urni
1633 1614 1706 1647 aeris
1715 1610 1904 1648 beneficium

264 1678 320 1713 per
328 1665 450 1700 summa
457 1664 632 1699 domorum
639 1661 1015 1712 tectadisponunt.Corui
1023 1676 1089 1699 rem
1097 1664 1306 1712 intelligentes
1315 1677 1384 1698 non
1393 1663 1465 1698 data
1471 1663 1596 1697 alterius
1603 1673 1691 1711 aquae
1699 1664 1790 1710 copia
1797 1674 1838 1697 eo
1847 1656 1924 1697 con·-

266 1715 376 1748 uolan't
384 1738 393 1753 ‚
403 1712 609 1762 immissisque
622 1713 654 1746 in
662 1725 755 1747 vrnas
761 1713 914 1761 capitibus
922 1713 1096 1748 humorem
1111 1713 1272 1752 sorbillant
1279 1738 1289 1753 ,
1298 1715 1354 1763 qui
1369 1712 1495 1746 simulac
1508 1711 1639 1746 deficere
1654 1712 1783 1759 coeperit
1791 1736 1800 1751 ,
1809 1712 1932 1759 lapillos

265 1765 462 1812 conquirunt
474 1761 581 1809 (quod
589 1761 773 1807 Plutarchus
781 1760 810 1796 se
819 1756 926 1797 vidisse
934 1759 1088 1810 affirmat)
1097 1775 1180 1810 quos
1187 1762 1350 1796 afferentes
1358 1762 1390 1795 in
1399 1773 1514 1810 aquam
1522 1759 1655 1795 subinde
1663 1760 1824 1806 deijciunt,
1832 1771 1907 1810 atqu
1929 1795 1932 1802 ,

266 1817 306 1848 ita
316 1811 499 1861 surgentem
507 1811 572 1844 dies
579 1810 726 1850 humore,
736 1809 785 1845 fiti
793 1807 962 1846 consulunt
971 1809 1134 1846 suae.-Idem
1142 1808 1245 1846 scribit
1253 1811 1292 1846 de
1302 1812 1407 1849 Cane,
1415 1810 1471 1859 qui
1478 1809 1598 1857 lapillos
1605 1811 1638 1843 in
1646 1806 1833 1855 amphoram
1843 1810 1910 1845 olea

268 1864 346 1897 riam
356 1860 560 1906 conijciebat,
571 1860 676 1895 donec
688 1859 761 1894 oleo
769 1857 967 1895 redundante
973 1860 1110 1895 lambere
1124 1860 1255 1895 arbitrio
1267 1857 1367 1908 posset
1379 1856 1446 1894 suo.
1458 1859 1554 1892 Dicet
1561 1858 1671 1907 aliquis
1680 1885 1686 1896 ,
1694 1857 1867 1906 Philosoph
1899 1876 1905 1890 ι
1922 1884 1924 1888 ,

269 1912 356 1949 hinc,
366 1920 418 1944 aut
425 1909 635 1943 Geometram
645 1908 810 1958 significari
818 1909 924 1958 potius
931 1933 942 1949 ‚
951 1921 1047 1959 quam
1057 1909 1294 1958 sycophantam:
1303 1910 1376 1956 quia
1383 1920 1488 1942 rerum
1496 1906 1738 1955 plenitudinem,
1746 1909 1914 1957 mutuamtj
1924 1905 1931 1935 ῗ

269 1970 443 2008 corporum
455 1958 538 1992 inter
545 1957 575 1991 se
583 1959 821 2007 repugnantiam
831 1982 841 1998 ,
851 1969 947 2007 atque
955 1957 1124 1993 ceffionem
1135 1958 1346 2008 cognoscant,
1356 1967 1466 1991 natura
1473 1955 1534 2004 ipsa
1540 1955 1692 1995 docente,
1701 1958 1733 1990 &
1743 1958 1871 1992 Coruus
1878 1980 1888 1996 ,
1900 1977 1909 1985 ι
1918 1967 1929 1984 ‹’

271 2009 369 2044 Canis
379 2032 388 2047 ,
397 2010 428 2042 &
437 2006 492 2054 qui
504 2007 622 2040 maiora
635 2009 727 2041 etiam
737 2007 943 2042 &intellectu
950 2005 1008 2042 suo
1022 2007 1170 2042 miracula
1185 2005 1430 2056 profitenturzin
1440 2005 1503 2039 hoc
1511 2015 1618 2039 autem
1628 2003 1727 2053 probe
1740 2016 1860 2039 norunt
1872 2000 1911 2040 ne*

272 2056 348 2093 cesse
362 2056 432 2091 futu
437 2066 556 2094 rum,vt
563 2056 595 2088 in
604 2068 777 2104 corporum
785 2055 940 2091 conflictu
949 2057 1080 2091 alterum
1088 2057 1174 2090 alteri
1183 2058 1273 2091 cedat
1282 2071 1289 2091 :
1297 2067 1366 2090 eam
1374 2054 1494 2103 quippe
1502 2053 1678 2103 intelligant
1685 2053 1840 2088 rationem
1848 2078 1858 2094 ‚
1867 2066 1908 2104 qu
1915 2081 1927 2097 -,

272 2105 482 2142 coronaeillius
491 2103 612 2138 sacoma
619 2104 861 2152 deprehenderit
869 2105 1083 2144 Archimedes
1093 2116 1191 2154 quam
1199 2105 1325 2139 Hieron
1333 2103 1548 2151 Syracusarum
1557 2115 1609 2138 rex
1617 2100 1796 2137 faciundam
1804 2102 1872 2138 loca
1924 2106 1929 2114 “

272 2167 327 2195 rat,
337 2155 374 2189 de
382 2167 451 2203 quo
459 2153 519 2187 late
527 2154 609 2200 apud
618 2154 763 2187 Vitruuiu
769 2166 799 2186 m
805 2178 812 2186 .
819 2155 890 2203 Ego
898 2160 974 2190 vero
980 2152 1043 2202 ipsa
1049 2154 1221 2189 edo&us⁴re
1227 2178 1237 2194 ,
1245 2153 1452 2202 impostorem
1461 2152 1566 2200 potius
1573 2151 1696 2186 ostendi
1703 2163 1740 2185 ex
1749 2150 1870 2186 huiusm
1875 2150 1914 2187 od

273 2202 513 2253 hieroglyphico
526 2202 669 2236 dixerim.
680 2202 753 2236 Fuit
766 2201 921 2252 siquidem
935 2202 1138 2238 mihiRomae
1147 2201 1282 2238 famulus
1295 2202 1424 2237 natione
1432 2201 1559 2240 Gallus,
1569 2201 1724 2248 patria5vt
1738 2200 1801 2248 ipse
1815 2201 1918 2242 aicbat,-

275 2251 492 2290 Virduncnsis,
502 2251 869 2300 Rolandinusille,quem
879 2252 980 2300 probe
988 2263 1120 2287 noueras
1129 2251 1475 2290 Colotifat-ctulumffl
1484 2250 1666 2284 morionem
1674 2262 1743 2284 non
1751 2249 1821 2284 sane
1829 2249 1924 2298 illepi-9

276 2303 357 2337 dum
367 2326 376 2341 ‚
386 2304 418 2335 &
424 2312 498 2335 cum
507 2300 616 2348 primis
623 2297 721 2345 officij
730 2296 907 2334 memorem
917 2301 962 2335 sui
969 2325 978 2341 ,
987 2302 1072 2336 cuius
1080 2312 1175 2348 opera
1181 2300 1290 2334 vtebar
1297 2300 1469 2348 plurimum
1478 2300 1512 2332 in
1519 2298 1696 2332 scribendo.
1704 2299 1822 2332 Allatus
1830 2298 1866 2333 ad
1875 2309 1918 2332 rn³

276 2351 420 2395 Venetijs
431 2348 529 2383 fuerat
538 2349 605 2383 vini
613 2350 730 2383 Cretici
743 2347 836 2382 cadus
847 2349 989 2398 generosi
1005 2349 1185 2386 admodum
1198 2359 1293 2398 atque
1305 2347 1481 2382 suauiffimi.
1498 2346 1566 2380 Iuffi
1575 2372 1584 2386 ,
1594 2347 1639 2381 vti
1648 2359 1718 2381 mos
1726 2347 1767 2382 est
1775 2348 1844 2383 talia
1858 2359 1895 2381 n

274 2399 399 2436 credere
407 2397 530 2432 famulis
538 2422 546 2437 ‚
556 2398 734 2447 diligentius
742 2396 880 2432 afferuari
890 2422 899 2437 ,
908 2399 1014 2433 amicis
1020 2398 1260 2433 aduenientibus
1268 2423 1278 2439 ‚
1288 2397 1393 2446 potius
1399 2410 1496 2445 quam
1505 2395 1585 2430 mihi
1593 2394 1655 2430 vsui
1663 2395 1805 2430 futurum
1814 2421 1823 2436 ,
1831 2398 1911 2430 inter

274 2451 353 2487 dum
360 2460 469 2484 tamen
477 2448 626 2486 mci-aum
632 2448 803 2487 minimum
810 2447 887 2499 quid
894 2447 1094 2484 hauriebatur
1100 2446 1353 2495 ,intermouebat
1360 2445 1492 2482 subinde
1503 2443 1639 2481 famulus
1652 2447 1760 2480 nest-ar
1769 2445 1827 2492 (sic
1841 2443 1890 2479 eni
1936 2453 1938 2455 ’

1865 2482 1923 2572 ipsi
1935 2484 1940 2489 ’
