1976 2610
38 95 43 98 „
323 76 328 79 »
371 92 375 93 ⁷
664 45 984 104 Hieroglypht'corum
998 43 1098 86 Liber
1110 51 1137 85 Ῑ.
1714 58 1740 96 7

0 120 68 167 ’π’ῗᾎ
79 122 191 171 Qm
205 116 349 157 Catullus
361 114 479 154 secutus
486 115 701 153 Galliambico
708 114 799 164 super
805 115 878 149 Atti
884 113 974 150 dixit.-
1130 124 1132 128 ·
1368 130 1374 133 e
1599 132 1604 137 -

10 186 14 187 ⁷
28 190 31 196 ν
44 168 55 172 ”
128 189 140 230 t
279 177 339 217 Age
347 170 411 204 cade
424 179 502 215 terga
515 168 619 206 cauda,
634 177 685 202 tua
698 166 808 202 verbera
815 173 952 212 pateant,

277 225 343 253 Face
354 221 451 253 cum‘i‘a
464 218 600 264 mugienti
605 217 723 261 fremitu
735 217 796 249 loca
812 222 949 261 retonem.

77 268 121 304 Et
129 279 197 317 quae
205 267 243 303 ad
252 266 365 301 furoris
373 266 616 300 incitamentum
623 267 654 300 δι
663 263 816 299 indicium
824 262 1014 311 sequuntur:
1022 270 1096 297 nam
1104 262 1137 297 δε
1143 271 1312 311 corrugare
1318 258 1459 296 frontem
1467 269 1663 312 pugnaturus
1676 271 1743 295 cer-

19 315 35 355 ζ
64 319 180 360 nitur,
191 317 281 366 quod
290 315 402 362 σκάζων
409 321 422 338 ³
431 313 647 349 Graecidixere
654 326 663 347 ε
670 316 702 348 δι
709 310 946 360 superciliorum
953 312 1213 347 contraffionem
1222 311 1387 346 ἒῇισ-»ιίαὶιον
1396 322 1524 346 vocant.
1532 309 1629 345 Index
1636 320 1741 343 autem
1757 331 1770 347 a
1782 323 1894 366 audem

31 365 33 367 ’
79 366 249 414 praecipuus
256 364 299 399 est
306 363 550 399 Leoninianimi
557 362 669 402 cauda,
676 360 807 409 perinde
819 370 854 394 ac
862 360 1033 408 Equorum
1040 372 1125 395 aures
1132 384 1142 400 ,
1151 372 1251 408 eaque
1261 361 1388 408 proprie
1395 359 1429 393 in
1436 362 1547 395 Leone
1560 359 1675 394 dicitur
1685 359 1740 393 Al-
1755 375 1861 401 irritari.
1900 346 1913 363 ⁹

79 426 142 453 cea,
152 414 167 437 b
175 413 263 463 quod
270 413 500 461 praecipuumin
508 424 544 445 ea
550 411 648 446 robur
654 408 839 449 constet‚vel
845 407 936 458 quod
943 409 1187 444 incitamentum
1195 409 1362 457 quoddam
1371 408 1408 443 sit
1416 408 1455 443 ad
1461 407 1656 444 assumendas
1664 408 1741 442 vires
1756 413 1771 437 b
1785 414 1867 449 daza}

79 463 287 510 animumque
295 460 583 497 commonendum:
589 460 684 507 initio
691 460 806 493 irarum
815 468 930 492 terram
939 457 1106 507 flagellant,
1115 458 1306 493 increscente
1314 470 1390 492 vero
1396 455 1649 493 excandescentia
1656 467 1742 506 terga
1755 465 1823 491 enim
1834 471 1860 489 ro
1866 479 1880 485 -

81 513 176 546 etiam
184 509 236 545 sua
243 509 453 549 verberanr,id
460 522 495 543 ea
503 509 542 543 de
550 509 637 543 caula
645 506 711 542 fieri
720 516 809 556 putat
818 506 996 542 Alexander
1002 505 1227 555 Aphrodiseus‚
1236 506 1327 554 quod
1334 519 1445 542 eorum
1453 508 1558 542 anima
1565 505 1742 540 vehemen-
1755 503 1812 532 bur.

79 561 141 595 tius
148 570 326 598 moueatur,
335 558 436 608 sitque
443 559 572 592 vltionis
579 556 756 592 admodum
764 555 1218 604 appetenS‚caudaverovtatur
1224 555 1320 590 veluti
1327 555 1476 590 homines
1484 567 1658 603 manu,qua
1664 553 1705 587 illi
1714 553 1744 589 se

79 609 202 657 plerum
228 604 559 642 ueinexcandescentia
565 605 773 654 complodere
780 604 890 639 solent:
898 604 941 639 ita
946 605 1091 639 animalia
1097 603 1161 639 haec
1168 605 1211 639 ira
1220 615 1398 644 commota,
1406 616 1479 639 cum
1489 604 1521 639 id
1528 604 1619 654 quod
1626 601 1685 637 sese
1693 603 1744 637 lae-

81 657 129 692 dit
137 623 238 692 vlcissi
246 667 465 706 nequeunt,eo
472 654 530 689 fibi
538 654 638 689 modo
646 653 792 689 solatium
800 650 903 687 solent
909 653 1098 703 excogitare.
1106 653 1159 687 Est
1167 654 1272 701 itaque
1281 651 1370 688 furor
1376 654 1479 689 Leoni
1487 651 1749 692 familiaris‚vnde

10 752 12 754 q
83 705 166 754 apud
180 707 348 740 Maronem
358 730 368 746 ‚
377 711 392 729 c
398 713 495 750 Iraeque
502 711 620 740 Leonum
628 728 638 744 ,
645 704 762 752 legitur
769 728 779 744 ‚
787 705 818 737 &
827 702 964 737 Ouidius
974 711 1065 739 :Iram
1073 706 1164 741 vultus
1176 704 1258 739 habet
1264 725 1273 743 ‚
1281 702 1321 737 de
1336 700 1451 739 eisdem
1463 702 1521 738 ait:
1530 700 1625 751 quare
1639 703 1741 737 Poetae
1757 705 1774 745 ⁶.
1786 699 1894 727 AEneid.

46 757 75 792 B
86 757 233 790 Leonem
245 752 438 803 peculiariter
445 750 543 787 feram
551 752 663 787 dicunt
669 776 678 793 ‚
687 754 730 786 ita
737 750 965 788 Callimachus:
1747 739 1797 785 hb·
1809 750 1837 776 7·’

305 804 396 848 Θηρὲς
412 802 558 849 οὶερπὶζων
574 802 668 847 diffluae
677 800 878 847 κατωμοίέὶον.

0 889 1 892 ,
85 852 190 901 Qod
198 864 272 887 vcro
281 851 400 887 catulos
408 850 446 884 ab
454 864 492 885 eo
501 848 628 885 exofl'ari
637 850 803 898 pingerent
809 873 819 890 ‚
827 848 913 884 causa
919 849 976 891 est,
986 851 1077 899 quod
1090 851 1225 886 medulla
1231 851 1336 886 Leoni
1345 851 1393 887 vel
1408 850 1492 886 nulla
1499 875 1508 891 ,
1516 851 1565 887 vel
1578 851 1748 899 perexigua

0 914 1 917 ¹
33 943 37 946 ι
84 901 144 940 est,
153 913 189 936 vt
203 901 351 935 omnium
362 899 546 934 animalium
561 898 662 934 solidis
676 899 815 933 omnino
828 898 944 934 offibus
955 899 1097 935 constare
1113 901 1297 940 videantur,
1306 900 1393 949 quasi
1408 900 1480 934 inde
1487 900 1636 936 accrescat
1645 897 1747 933 furor:

0 994 1 998 Ἰ
84 950 176 999 quod
188 949 277 984 labor
284 949 332 983 his
339 946 579 996 confringendis
586 947 623 982 fit
633 947 776 982 mercede
783 948 899 988 maior,
909 959 983 982 cum
992 948 1165 984 minimum
1172 949 1204 983 id
1212 949 1250 984 lit
1256 973 1267 989 ,
1276 950 1367 998 quod
1375 949 1474 984 suetui
1480 949 1574 996 poffit
1586 949 1749 983 inseruire.

0 1035 1 1043 ἵ
13 999 29 1021 ῑῖ-
63 1001 165 1033 „Sunt
173 1008 316 1047 praeterea
323 996 387 1032 offa
393 997 434 1031 illi
443 996 519 1031 dura
525 996 607 1031 adeo
616 1024 624 1036 ‚
631 995 647 1020 d
655 1007 689 1031 vt
697 1009 733 1031 ex
742 997 783 1030 eis
790 995 900 1031 collisis
907 1020 916 1036 ,
925 996 1004 1046 ignis
1013 998 1109 1032 veluti
1117 1011 1154 1032 ex
1168 997 1249 1032 filice
1263 998 1447 1032 excutiatur.
1471 999 1560 1032 Hinc
1573 997 1689 1031 animal
1701 995 1749 1030 est
1760 1013 1780 1038 ἅ
1795 1019 1822 1043 D
1824 1014 1921 1050 fimi,

0 1055 1 1068 ¹
86 1045 312 1082 maximefebri
319 1046 510 1081 obnoxium.
519 1046 652 1080 Febrem
661 1057 739 1080 vero
747 1044 825 1079 nihil
837 1044 920 1078 aliud
929 1044 1004 1086 effe,
1013 1059 1110 1095 quam
1123 1046 1321 1094 superantem
1335 1047 1434 1081 totius
1448 1047 1592 1094 corporis
1605 1046 1742 1081 calorem
1752 1056 1838 1093 febris.

87 1096 292 1132 Medicorum
299 1095 449 1129 omnium
457 1093 609 1129 consensu
617 1091 815 1128 manifestum
823 1092 874 1128 cst.
889 1094 981 1128 Febri
994 1095 1133 1144 denique
1145 1107 1268 1130 nornen
1281 1095 1321 1129 ab
1333 1095 1406 1143 igne
1414 1095 1565 1130 Graecum
1573 1097 1720 1142 Επυςετὸς
1727 1093 1745 1126 τὶ
1761 1102 1774 1118 e
1791 1097 1895 1124 semim

86 1143 210 1180 feruore
217 1144 367 1179 Latinum
375 1142 426 1178 est:
435 1156 501 1190 quo
511 1142 627 1177 morbo
635 1144 759 1177 Leones
768 1153 842 1177 toto
850 1142 919 1177 vitae
927 1152 1071 1191 tempore
1079 1144 1206 1178 cruciari
1214 1143 1359 1178 feruntur
1366 1168 1375 1184 ‚
1384 1157 1482 1192 caque
1489 1145 1529 1179 d'e
1535 1143 1622 1178 causa
1630 1145 1747 1177 Lucrc-
1757 1140 1786 1165 in
1794 1135 1878 1174 Virgil.

86 1195 149 1229 tius
161 1193 236 1240 triste
250 1201 370 1228 Leonum
376 1193 524 1236 feminium
539 1192 717 1240 appellauit.
729 1193 808 1226 Sane
816 1191 1022 1239 prouerbium
1032 1191 1107 1226 hinc
1115 1194 1289 1230 emanauit,
1299 1191 1468 1238 ῑὲγέλοισυ
1477 1197 1488 1226 ὃ
1496 1194 1570 1228 λέων
1578 1216 1587 1232 ,
1595 1192 1745 1242 quotiens
1762 1215 1780 1239 f
1789 1219 1818 1244 A
1882 1216 1887 1221 .
1899 1225 1906 1234 ,

86 1255 191 1278 rarum
200 1241 329 1291 aliquod
337 1241 496 1276 hilaritatis
504 1241 685 1288 exemplum
693 1242 864 1274 intuemur.
872 1239 1070 1287 Thucydidis
1084 1242 1117 1276 id
1124 1242 1246 1276 dierum
1256 1240 1338 1275 estin
1347 1241 1490 1286 Cylonio
1503 1240 1612 1276 scelere
1625 1239 1748 1275 subno-‘
1761 1223 1921 1285 meffrtg'

86 1291 188 1326 tando
195 1315 205 1331 ,
214 1302 289 1325 cum
302 1289 417 1324 scilicet
431 1288 610 1324 indoluisset
623 1289 753 1323 demum
761 1288 961 1322 Atheniensis
970 1290 1104 1336 populus
1111 1315 1120 1330 ‚
1130 1290 1290 1337 Cylonem
1298 1301 1354 1337 per
1361 1289 1584 1325 faffiofiffiinas
1592 1289 1747 1323 faffiones
1760 1299 1814 1325 etus
1821 1319 1830 1331 ‚
1837 1306 1924 1336 quarm

34 1372 37 1374 .
88 1340 236 1389 quietum
243 1338 452 1387 Reip.statum
459 1337 709 1376 interturbare‚&
717 1336 802 1386 quasi
811 1336 881 1385 post
887 1336 1069 1371 diuturnam
1079 1339 1262 1373 moestitiam
1270 1339 1309 1373 ad
1317 1337 1502 1372 hilaritatem
1511 1339 1643 1373 demum
1651 1336 1752 1384 respe-
1760 1338 1832 1377 usus.

27 1426 32 1430 ,
46 1393 77 1428 C
91 1387 177 1424 xiffet
184 1413 194 1428 ,
203 1397 238 1424 vt
250 1387 371 1437 impetu
378 1387 412 1421 in
420 1386 588 1422 hominem
597 1383 683 1420 ῐεᾶο
691 1410 700 1425 ,
709 1397 782 1419 eum
796 1386 843 1419 vel
857 1385 896 1419 ad
908 1385 1096 1420 inuiolabilis
1110 1391 1185 1422 Deae
1197 1387 1354 1434 templum
1368 1385 1586 1436 aufugientcm
1600 1386 1757 1435 persecuti.

90 1437 151 1474 fint
158 1437 318 1487 plerique,
327 1435 574 1483 distra&umque
580 1435 654 1470 inde
663 1446 782 1483 magno
791 1434 888 1468 totius
896 1434 1026 1468 ciuitatis
1034 1435 1150 1484 gaudio
1158 1435 1353 1471 trucidarint.

234 1485 606 1520 .REMEDIVM
654 1484 714 1518 IN
769 1483 1017 1519 FEBREM
1067 1485 1332 1520 NACTVS..
1378 1487 1409 1522 C
1429 1496 1501 1521 ΛΡ.
1529 1486 1576 1520 X.

95 1534 324 1615 EO‘itaque
337 1532 553 1568 incommodo
569 1542 722 1567 vexantur
736 1533 878 1570 Leones,
891 1541 973 1565 tam-
1003 1550 1012 1568 x
1049 1551 1052 1554 >
1134 1555 1138 1556 κ
1178 1556 1181 1557 ⁷
1376 1553 1387 1559 „
1451 1555 1453 1557 ,

168 1583 223 1618 etsi
229 1595 308 1619 vnus
316 1582 467 1617 Albertus
475 1593 568 1630 negat
576 1580 636 1616 effe
643 1593 696 1615 eos
704 1579 972 1619 febriculosos‚cui
1112 1584 1115 1586 '

91 1633 128 1668 in
134 1632 308 1667 Germania
316 1641 393 1665 nato
400 1655 409 1670 ,
416 1631 492 1665 alito
500 1641 594 1679 atque
601 1629 916 1669 educato‚vbit0tum
926 1628 975 1662 fe-
1005 1626 1008 1661 ᾗ
1039 1629 1041 1631 ’

92 1693 126 1716 re
133 1681 202 1716 vitae
210 1679 344 1727 spatium
353 1678 535 1726 cosumpsit‚
544 1690 652 1713 vtrum
660 1678 699 1712 de
707 1680 816 1712 Leone
824 1677 971 1726 loquenti

92 1730 200 1778 potior
207 1729 243 1764 fit
250 1728 430 1764 adhibenda
440 1727 524 1767 fides,
534 1739 629 1776 quam
639 1728 792 1775 AEgyptijs
799 1726 879 1760 inter
888 1728 972 1760 Leo-

94 1791 148 1814 nes
160 1777 408 1827 quodammodo
423 1777 535 1825 genitis
542 1800 551 1815 ‚
561 1788 699 1824 cumque
707 1774 775 1823 ipsis
785 1786 892 1810 totum
900 1775 971 1809 virae

52 1837 57 1842 ’
92 1837 216 1874 tempus
226 1825 409 1871 versati5,alij
420 1822 568 1860 vide⁸rint.
579 1826 649 1873 Ego
657 1824 727 1858 sane
736 1823 907 1871 disciplinas
916 1835 972 1857 eo-

94 1888 165 1910 rum
172 1876 205 1910 in
212 1872 395 1909 huiusmodi
402 1886 433 1908 re
441 1873 559 1908 secutus
567 1897 576 1912 ,
586 1883 787 1920 compertum
803 1870 861 1906 csse
869 1872 971 1906 dicam

96 1926 240 1959 Leonem
254 1922 334 1957 febri
349 1932 528 1970 correptum
538 1946 547 1961 ,
556 1929 571 1954 g
579 1922 625 1956 vel
640 1921 661 1955 si
670 1920 708 1954 ad
723 1920 863 1954 furorem
879 1920 973 1967 vsque

97 1972 237 2007 exaestuet
244 1996 254 2012 ‚
262 1971 354 2007 vnius
360 1971 498 2019 pastione
506 1969 742 2004 Simiaeliberari.
807 1979 974 2016 napi-opter

51 2023 85 2062 D
98 2021 233 2070 AEgyptij
250 2019 429 2055 Sacerdotes
443 2019 466 2054 si
479 2017 708 2053 febricitantem
718 2019 796 2052 hom
803 2020 807 2051 Ξ
813 2030 886 2050 ncrn
896 2022 924 2050 ἃ
937 2015 976 2050 li-

97 2069 197 2104 bimet
205 2069 316 2104 auxilia
322 2078 557 2116 comparantem
568 2066 738 2116 significare
751 2067 881 2103 vellent,
892 2067 974 2098 Leo—⁷

97 2119 145 2154 nis
153 2119 246 2153 Simia
252 2116 376 2154 vescEtis
384 2115 656 2165 hieroglyphicum
666 2128 782 2162 ponere
798 2112 877 2148 soliti
893 2111 973 2146 sunt:

97 2177 184 2202 tanta
191 2167 276 2201 enim
285 2166 505 2214 indignatione
512 2166 640 2199 Simiam
649 2165 709 2198 fert
717 2167 783 2198 Lco
790 2190 799 2204 ‚
808 2173 841 2197 vt
851 2162 973 2195 nullum

98 2216 212 2250 animal
219 2215 337 2249 auidius
345 2214 470 2262 perdere
477 2213 639 2248 desideret.
664 2213 763 2248 Causa
778 2212 820 2247 est
834 2210 975 2245 animalis

100 2263 283 2312 petulantia,
291 2265 437 2297 Leonem
446 2262 663 2311 indignissimis
671 2261 775 2296 modis
784 2259 975 2308 exagitantis.
1086 2285 1089 2289 ,
1538 2286 1541 2287 ⁷
1597 2285 1600 2287 ,

102 2313 191 2347 Nam
199 2311 331 2346 simulac
338 2312 386 2346 vel
394 2325 429 2345 ex
438 2311 548 2347 arbore
555 2311 657 2360 aliqua
665 2335 675 2351 ,
684 2311 731 2344 vel
740 2323 777 2344 ex
785 2310 846 2344 alio
857 2318 928 2342 tuto
936 2307 1109 2356 latentique
1116 2308 1191 2342 loco
1199 2310 1289 2344 nafta
1303 2307 1399 2342 Fuerit
1411 2307 1610 2342 occasionem
1625 2308 1657 2340 in
1673 2309 1763 2342 Leo-

103 2371 178 2395 nem
184 2359 347 2406 insiliendi,
356 2372 414 2407 pro
421 2372 540 2408 magno
548 2359 644 2394 habet
652 2359 785 2406 negotio
793 2358 895 2394 caudae
903 2355 963 2391 sese
969 2357 1032 2391 eius
1039 2356 1210 2404 applicare,
1219 2357 1376 2406 natibusq3
1385 2354 1522 2405 affigere,
1532 2367 1626 2404 atque
1633 2356 1674 2390 ita
1683 2357 1757 2404 qui-

103 2407 258 2455 buscunq3
268 2408 368 2456 potest
375 2408 486 2442 ludibri
490 2411 514 2451 js
522 2409 605 2456 Regi
613 2407 669 2444 suo
677 2408 814 2446 illudere,
825 2405 914 2457 quod
921 2418 993 2440 cum
1000 2405 1201 2453 impatienter
1206 2405 1285 2440 ferat
1292 2407 1369 2444 Leo,
1378 2406 1573 2452 impotenter
1579 2404 1757 2438 admodum
1773 2432 1782 2445 .-

102 2456 137 2493 in
144 2455 324 2494 huiusmodi
331 2457 444 2493 animal
453 2456 610 2493 effcrascit:
616 2462 685 2507 *quae
692 2456 811 2506 plenius
818 2456 850 2491 in
861 2454 1079 2505 cynocephali
1085 2455 1321 2491 commentario
1328 2451 1529 2491 discuffimus.
1541 2453 1601 2489 Sed
1608 2462 1642 2488 vt
1651 2452 1755 2485 mirari

429 2507 432 2508 ⁷
1635 2499 1757 2535 desina-

1768 1917 1927 1953 &Phia-ibid..

1736 2113 1738 2139 ἶ
1770 2115 1849 2143 simia
1864 2113 1904 2148 &v

1771 2156 1892 2184 Culicum

1724 2213 1729 2225 ι
1769 2198 1796 2224 in
1805 2200 1917 2223 Leonem-

1736 2256 1738 2278 ξ
1765 2236 1918 2275 petulantia.

1707 2280 1709 2282 -
1735 2280 1737 2289 i
